;; -*- mode: org; mode: beancount; -*-
;; Birth: 1980-05-12
;; Dates: 2020-01-01 - 2022-08-25
;; THIS FILE HAS BEEN AUTO-GENERATED by beancount script
* Options

option "title" "Example Beancount file"
option "operating_currency" "USD"




* Commodities


1792-01-01 commodity USD
  export: "CASH"
  name: "US Dollar"

1900-01-01 commodity VMMXX
  export: "MUTF:VMMXX (MONEY:USD)"

1980-05-12 commodity VACHR
  export: "IGNORE"
  name: "Employer Vacation Hours"

1980-05-12 commodity IRAUSD
  export: "IGNORE"
  name: "US 401k and IRA Contributions"

1995-09-18 commodity VBMPX
  export: "MUTF:VBMPX"
  name: "Vanguard Total Bond Market Index Fund Institutional Plus Shares"
  price: "USD:google/MUTF:VBMPX"

2004-01-20 commodity ITOT
  export: "NYSEARCA:ITOT"
  name: "iShares Core S&P Total U.S. Stock Market ETF"
  price: "USD:google/NYSEARCA:ITOT"

2004-01-26 commodity VHT
  export: "NYSEARCA:VHT"
  name: "Vanguard Health Care ETF"
  price: "USD:google/NYSEARCA:VHT"

2004-11-01 commodity GLD
  export: "NYSEARCA:GLD"
  name: "SPDR Gold Trust (ETF)"
  price: "USD:google/NYSEARCA:GLD"

2007-07-20 commodity VEA
  export: "NYSEARCA:VEA"
  name: "Vanguard FTSE Developed Markets ETF"
  price: "USD:google/NYSEARCA:VEA"

2009-05-01 commodity RGAGX
  export: "MUTF:RGAGX"
  name: "American Funds The Growth Fund of America Class R-6"
  price: "USD:google/MUTF:RGAGX"



* Equity Accounts

1980-05-12 open Equity:Opening-Balances
1980-05-12 open Liabilities:AccountsPayable



* Banking

2020-01-01 open Assets:US:BofA
  address: "123 America Street, LargeTown, USA"
  institution: "Bank of America"
  phone: "+1.012.345.6789"
2020-01-01 open Assets:US:BofA:Checking                        USD
  account: "00234-48574897"

2020-01-01 * "Opening Balance for checking account"
  Assets:US:BofA:Checking                         3262.01 USD
  Equity:Opening-Balances                        -3262.01 USD

2020-01-02 balance Assets:US:BofA:Checking        3262.01 USD

2020-01-04 * "BANK FEES" "Monthly bank fee"
  Assets:US:BofA:Checking                           -4.00 USD
  Expenses:Financial:Fees                            4.00 USD

2020-01-05 * "RiverBank Properties" "Paying the rent"
  Assets:US:BofA:Checking                        -2400.00 USD
  Expenses:Home:Rent                              2400.00 USD

2020-01-08 * "EDISON POWER" ""
  Assets:US:BofA:Checking                          -65.00 USD
  Expenses:Home:Electricity                         65.00 USD

2020-01-19 * "Verizon Wireless" ""
  Assets:US:BofA:Checking                          -57.35 USD
  Expenses:Home:Phone                               57.35 USD

2020-01-21 balance Assets:US:BofA:Checking        3284.95 USD

2020-01-22 * "Wine-Tarner Cable" ""
  Assets:US:BofA:Checking                          -80.05 USD
  Expenses:Home:Internet                            80.05 USD

* Credit-Cards

1980-05-12 open Liabilities:US:Chase:Slate                      USD

2020-01-04 * "Chichipotle" "Eating out "
  Liabilities:US:Chase:Slate                       -72.55 USD
  Expenses:Food:Restaurant                          72.55 USD

2020-01-08 * "Rose Flower" "Eating out "
  Liabilities:US:Chase:Slate                       -41.95 USD
  Expenses:Food:Restaurant                          41.95 USD

2020-01-09 * "Chase:Slate" "Paying off credit card"
  Liabilities:US:Chase:Slate                       151.91 USD
  Assets:US:BofA:Checking                         -151.91 USD

2020-01-10 * "Cafe Modagor" "Eating out with Joe"
  Liabilities:US:Chase:Slate                       -37.41 USD
  Expenses:Food:Restaurant                          37.41 USD

2020-01-10 * "Corner Deli" "Buying groceries"
  Liabilities:US:Chase:Slate                       -61.18 USD
  Expenses:Food:Groceries                           61.18 USD

2020-01-11 * "China Garden" "Eating out "
  Liabilities:US:Chase:Slate                       -37.35 USD
  Expenses:Food:Restaurant                          37.35 USD

2020-01-15 * "Jewel of Morroco" "Eating out with work buddies"
  Liabilities:US:Chase:Slate                       -71.42 USD
  Expenses:Food:Restaurant                          71.42 USD

2020-01-16 * "Cafe Modagor" "Eating out with work buddies"
  Liabilities:US:Chase:Slate                       -46.86 USD
  Expenses:Food:Restaurant                          46.86 USD

2020-01-20 * "China Garden" "Eating out "
  Liabilities:US:Chase:Slate                       -19.80 USD
  Expenses:Food:Restaurant                          19.80 USD

2020-01-20 * "Corner Deli" "Buying groceries"
  Liabilities:US:Chase:Slate                       -83.67 USD
  Expenses:Food:Groceries                           83.67 USD

2020-01-23 balance Liabilities:US:Chase:Slate     -320.28 USD

2020-01-23 * "Cafe Modagor" "Eating out after work"
  Liabilities:US:Chase:Slate                       -58.61 USD
  Expenses:Food:Restaurant                          58.61 USD

2020-01-24 * "Cafe Modagor" "Eating out after work"
  Liabilities:US:Chase:Slate                       -19.49 USD
  Expenses:Food:Restaurant                          19.49 USD

2020-01-25 * "Goba Goba" "Eating out after work"
  Liabilities:US:Chase:Slate                       -26.58 USD
  Expenses:Food:Restaurant                          26.58 USD

2020-01-27 * "Goba Goba" "Eating out with work buddies"
  Liabilities:US:Chase:Slate                       -32.41 USD
  Expenses:Food:Restaurant                          32.41 USD

2020-01-29 * "Metro Transport Authority" "Tram tickets"
  Liabilities:US:Chase:Slate                      -120.00 USD
  Expenses:Transport:Tram                          120.00 USD

2020-01-30 * "Chichipotle" "Eating out with Natasha"
  Liabilities:US:Chase:Slate                       -13.01 USD
  Expenses:Food:Restaurant                          13.01 USD

* Vanguard Investments

2020-01-01 open Assets:US:Vanguard:VBMPX                     VBMPX
  number: "882882"
2020-01-01 open Assets:US:Vanguard:RGAGX                     RGAGX
  number: "882882"
2020-01-01 open Assets:US:Vanguard                            USD
  address: "P.O. Box 1110, Valley Forge, PA 19482-1110"
  institution: "Vanguard Group"
  phone: "+1.800.523.1188"
2020-01-01 open Income:US:BayBook:Match401k                   USD
2020-01-01 open Assets:US:Vanguard:Cash                       USD
  number: "882882"

2020-01-03 * "Employer match for contribution"
  Assets:US:Vanguard:Cash                          600.00 USD
  Income:US:BayBook:Match401k                     -600.00 USD

2020-01-06 * "Investing 40% of cash in VBMPX"
  Assets:US:Vanguard:VBMPX                          3.149 VBMPX {152.41 USD, 2020-01-06}
  Assets:US:Vanguard:Cash                         -479.94 USD

2020-01-06 * "Investing 60% of cash in RGAGX"
  Assets:US:Vanguard:RGAGX                          5.582 RGAGX {128.99 USD, 2020-01-06}
  Assets:US:Vanguard:Cash                         -720.02 USD

2020-01-06 * "Investing 40% of cash in VBMPX"
  Assets:US:Vanguard:VBMPX                          1.575 VBMPX {152.41 USD, 2020-01-06}
  Assets:US:Vanguard:Cash                         -240.05 USD

2020-01-06 * "Investing 60% of cash in RGAGX"
  Assets:US:Vanguard:RGAGX                          2.791 RGAGX {128.99 USD, 2020-01-06}
  Assets:US:Vanguard:Cash                         -360.01 USD

2020-01-17 * "Employer match for contribution"
  Assets:US:Vanguard:Cash                          600.00 USD
  Income:US:BayBook:Match401k                     -600.00 USD

2020-01-20 * "Investing 40% of cash in VBMPX"
  Assets:US:Vanguard:VBMPX                          3.131 VBMPX {153.30 USD, 2020-01-20}
  Assets:US:Vanguard:Cash                         -479.98 USD

2020-01-20 * "Investing 60% of cash in RGAGX"
  Assets:US:Vanguard:RGAGX                          5.466 RGAGX {131.73 USD, 2020-01-20}
  Assets:US:Vanguard:Cash                         -720.04 USD

2020-01-20 * "Investing 40% of cash in VBMPX"
  Assets:US:Vanguard:VBMPX                          1.565 VBMPX {153.30 USD, 2020-01-20}
  Assets:US:Vanguard:Cash                         -239.91 USD

2020-01-20 * "Investing 60% of cash in RGAGX"
  Assets:US:Vanguard:RGAGX                          2.733 RGAGX {131.73 USD, 2020-01-20}
  Assets:US:Vanguard:Cash                         -360.02 USD

2020-01-31 * "Employer match for contribution"
  Assets:US:Vanguard:Cash                          600.00 USD
  Income:US:BayBook:Match401k                     -600.00 USD

* Sources of Income

2020-01-01 open Income:US:BayBook:Salary                      USD
2020-01-01 open Income:US:BayBook:GroupTermLife               USD
2020-01-01 open Income:US:BayBook:Vacation                    VACHR
2020-01-01 open Assets:US:BayBook:Vacation                    VACHR
2020-01-01 open Expenses:Vacation                               VACHR
2020-01-01 open Expenses:Health:Life:GroupTermLife
2020-01-01 open Expenses:Health:Medical:Insurance
2020-01-01 open Expenses:Health:Dental:Insurance
2020-01-01 open Expenses:Health:Vision:Insurance

2020-01-01 event "employer" "BayBook, 1501 Billow Rd, Benlo Park, CA"

2020-01-02 * "BayBook" "Payroll"
  Assets:US:BofA:Checking                         1350.60 USD
  Assets:US:Vanguard:Cash                         1200.00 USD
  Income:US:BayBook:Salary                       -4615.38 USD
  Income:US:BayBook:GroupTermLife                  -24.32 USD
  Expenses:Health:Life:GroupTermLife                24.32 USD
  Expenses:Health:Dental:Insurance                   2.90 USD
  Expenses:Health:Medical:Insurance                 27.38 USD
  Expenses:Health:Vision:Insurance                  42.30 USD
  Expenses:Taxes:Y2020:US:Medicare                 106.62 USD
  Expenses:Taxes:Y2020:US:Federal                 1062.92 USD
  Expenses:Taxes:Y2020:US:State                    365.08 USD
  Expenses:Taxes:Y2020:US:CityNYC                  174.92 USD
  Expenses:Taxes:Y2020:US:SDI                        1.12 USD
  Expenses:Taxes:Y2020:US:SocSec                   281.54 USD
  Assets:US:Federal:PreTax401k                   -1200.00 IRAUSD
  Expenses:Taxes:Y2020:US:Federal:PreTax401k      1200.00 IRAUSD
  Assets:US:BayBook:Vacation                            5 VACHR
  Income:US:BayBook:Vacation                           -5 VACHR

2020-01-16 * "BayBook" "Payroll"
  Assets:US:BofA:Checking                         1350.60 USD
  Assets:US:Vanguard:Cash                         1200.00 USD
  Income:US:BayBook:Salary                       -4615.38 USD
  Income:US:BayBook:GroupTermLife                  -24.32 USD
  Expenses:Health:Life:GroupTermLife                24.32 USD
  Expenses:Health:Dental:Insurance                   2.90 USD
  Expenses:Health:Medical:Insurance                 27.38 USD
  Expenses:Health:Vision:Insurance                  42.30 USD
  Expenses:Taxes:Y2020:US:Medicare                 106.62 USD
  Expenses:Taxes:Y2020:US:Federal                 1062.92 USD
  Expenses:Taxes:Y2020:US:State                    365.08 USD
  Expenses:Taxes:Y2020:US:CityNYC                  174.92 USD
  Expenses:Taxes:Y2020:US:SDI                        1.12 USD
  Expenses:Taxes:Y2020:US:SocSec                   281.54 USD
  Assets:US:Federal:PreTax401k                   -1200.00 IRAUSD
  Expenses:Taxes:Y2020:US:Federal:PreTax401k      1200.00 IRAUSD
  Assets:US:BayBook:Vacation                            5 VACHR
  Income:US:BayBook:Vacation                           -5 VACHR
  ; added following postings to Liabilities account for `test_get_balance_sheet_accounts`
  Liabilities:US:Chase:Slate                          -15 USD
  Liabilities:US:Chase:Slate                           15 USD

2020-01-30 * "BayBook" "Payroll"
  Assets:US:BofA:Checking                         1350.60 USD
  Assets:US:Vanguard:Cash                         1200.00 USD
  Income:US:BayBook:Salary                       -4615.38 USD
  Income:US:BayBook:GroupTermLife                  -24.32 USD
  Expenses:Health:Life:GroupTermLife                24.32 USD
  Expenses:Health:Dental:Insurance                   2.90 USD
  Expenses:Health:Medical:Insurance                 27.38 USD
  Expenses:Health:Vision:Insurance                  42.30 USD
  Expenses:Taxes:Y2020:US:Medicare                 106.62 USD
  Expenses:Taxes:Y2020:US:Federal                 1062.92 USD
  Expenses:Taxes:Y2020:US:State                    365.08 USD
  Expenses:Taxes:Y2020:US:CityNYC                  174.92 USD
  Expenses:Taxes:Y2020:US:SDI                        1.12 USD
  Expenses:Taxes:Y2020:US:SocSec                   281.54 USD
  Assets:US:Federal:PreTax401k                   -1200.00 IRAUSD
  Expenses:Taxes:Y2020:US:Federal:PreTax401k      1200.00 IRAUSD
  Assets:US:BayBook:Vacation                            5 VACHR
  Income:US:BayBook:Vacation                           -5 VACHR

* Taxes

1980-05-12 open Income:US:Federal:PreTax401k                    IRAUSD
1980-05-12 open Assets:US:Federal:PreTax401k                    IRAUSD

** Tax Year 2020

2020-01-01 open Expenses:Taxes:Y2020:US:Federal:PreTax401k      IRAUSD
2020-01-01 open Expenses:Taxes:Y2020:US:Medicare                USD
2020-01-01 open Expenses:Taxes:Y2020:US:Federal                 USD
2020-01-01 open Expenses:Taxes:Y2020:US:CityNYC                 USD
2020-01-01 open Expenses:Taxes:Y2020:US:SDI                     USD
2020-01-01 open Expenses:Taxes:Y2020:US:State                   USD
2020-01-01 open Expenses:Taxes:Y2020:US:SocSec                  USD

2020-01-01 balance Assets:US:Federal:PreTax401k         0 IRAUSD

2020-01-01 * "Allowed contributions for one year"
  Income:US:Federal:PreTax401k                     -18500 IRAUSD
  Assets:US:Federal:PreTax401k                      18500 IRAUSD

* Expenses

1980-05-12 open Expenses:Food:Groceries
1980-05-12 open Expenses:Food:Restaurant
1980-05-12 open Expenses:Food:Coffee
1980-05-12 open Expenses:Food:Alcohol
1980-05-12 open Expenses:Transport:Tram
1980-05-12 open Expenses:Home:Rent
1980-05-12 open Expenses:Home:Electricity
1980-05-12 open Expenses:Home:Internet
1980-05-12 open Expenses:Home:Phone
1980-05-12 open Expenses:Financial:Fees
1980-05-12 open Expenses:Financial:Commissions

* Prices

2020-01-03 price VBMPX                             152.41 USD
2020-01-03 price RGAGX                             128.99 USD
2020-01-03 price ITOT                               85.79 USD
2020-01-03 price VEA                               169.60 USD
2020-01-03 price VHT                               134.93 USD
2020-01-03 price GLD                               161.76 USD
2020-01-10 price VBMPX                             156.15 USD
2020-01-10 price RGAGX                             130.45 USD
2020-01-10 price ITOT                               87.10 USD
2020-01-10 price VEA                               170.30 USD
2020-01-10 price VHT                               134.70 USD
2020-01-10 price GLD                               162.73 USD
2020-01-17 price VBMPX                             153.30 USD
2020-01-17 price RGAGX                             131.73 USD
2020-01-17 price ITOT                               89.80 USD
2020-01-17 price VEA                               167.03 USD
2020-01-17 price VHT                               134.88 USD
2020-01-17 price GLD                               162.12 USD
2020-01-24 price VBMPX                             154.74 USD
2020-01-24 price RGAGX                             132.42 USD
2020-01-24 price ITOT                               87.96 USD
2020-01-24 price VEA                               169.58 USD
2020-01-24 price VHT                               130.78 USD
2020-01-24 price GLD                               164.26 USD
2020-01-31 price VBMPX                             155.38 USD
2020-01-31 price RGAGX                             130.56 USD
2020-01-31 price ITOT                               88.49 USD
2020-01-31 price VEA                               167.84 USD
2020-01-31 price VHT                               127.70 USD
2020-01-31 price GLD                               164.84 USD